%% This BibTeX bibliography file was created using BibDesk.
%% http://bibdesk.sourceforge.net/


%% Created for Laurie McClymont at 2014-03-23 10:07:48 +0000 


%% Saved with string encoding Unicode (UTF-8) 



@article{Tseng,
	Author = {Jeff Tseng and Hannah Evans},
	Date-Added = {2014-03-23 10:03:16 +0000},
	Date-Modified = {2014-03-23 10:06:18 +0000},
	Eprint = {1304.1025},
	Journal = {Phys. Rev. D},
	Pages = {014044},
	Title = {Sequential recombination algorithm for jet clustering and background subtraction},
	Url = {http://arxiv.org/abs/1304.1025},
	Volume = {88},
	Year = {2013},
	Bdsk-Url-1 = {http://arxiv.org/abs/1304.1025}}
