
@techreport{bib_Run2_perf,
      title         = "{Expected performance of the ATLAS $b$-tagging algorithms
                       in Run-2}",  
      collaboration = "ATLAS",
      institution   = "CERN",
      address       = "Geneva",
      number        = "ATL-PHYS-PUB-2015-022",
      month         = "Jul",
      year          = "2015",
      reportNumber  = "ATL-PHYS-PUB-2015-022",
      url           = "http://cds.cern.ch/record/2037697",
}

@article{bib_susy,
      author         = "Aad, Georges and others",
      title          = "{Search for supersymmetry in $pp$ collisions at
                        $\sqrt{s}=7$TeV in final states with missing transverse
                        momentum and $b^-$ jets}",
      collaboration  = "ATLAS",
      journal        = "Phys. Lett.",
      volume         = "B701",
      year           = "2011",
      pages          = "398-416",
      doi            = "10.1016/j.physletb.2011.06.015",
      eprint         = "1103.4344",
      archivePrefix  = "arXiv",
      primaryClass   = "hep-ex",
      SLACcitation   = "%%CITATION = ARXIV:1103.4344;%%"
}

@techreport{bib_trigger,
      author        = "Nakahama, Yu",
      title         = "{The ATLAS Trigger System: Ready for Run-2}",
      institution   = "CERN",
      address       = "Geneva",
      number        = "ATL-DAQ-PROC-2015-006",
      month         = "May",
      year          = "2015",
      reportNumber  = "ATL-DAQ-PROC-2015-006",
      url           = "http://cds.cern.ch/record/2015211",
}

@techreport{bib_A14,
      title         = "{ATLAS Run 1 Pythia8 tunes}",
      institution   = "CERN",
      address       = "Geneva",
      number        = "ATL-PHYS-PUB-2014-021",
      month         = "Nov",
      year          = "2014",
      reportNumber  = "ATL-PHYS-PUB-2014-021",
      url           = "http://cds.cern.ch/record/1966419",
}

@techreport{bib_IBL,
	      collaboration = "ATLAS Collaboration",
	      title         = "{ATLAS Insertable B-Layer Technical Design Report}",
	      institution   = "CERN",
	      address       = "Geneva",
	      number        = "CERN-LHCC-2010-013. ATLAS-TDR-19",
	      month         = "Sep",
	      year          = "2010",
	      reportNumber  = "CERN-LHCC-2010-013",
	      url           = "https://cds.cern.ch/record/1291633",
	}

@Article{bib_ATLAS,
	      author         = "{ATLAS Collaboration}",
	      title          = "{The ATLAS Experiment at the CERN Large Hadron Collider}",
	      xcollaboration  = "ATLAS Collaboration",
	      journal        = "JINST",
	      volume         = "3",
	      pages          = "S08003",
	      doi            = "10.1088/1748-0221/3/08/S08003",
	      year           = "2008",
	      SLACcitation   = "%%CITATION = JINST,3,S08003;%%",
	}

@article{bib_pythia8,
	      author         = "T. Sjostrand, S. Mrenna and P. Z. Skands",
	      title          = "{A Brief Introduction to PYTHIA 8.1}",
	      journal        = "Comput.Phys.Commun.",
	      volume         = "178",
	      pages          = "852-867",
	      year           = "2008",
	      eprint         = "0710.3820",
	      archivePrefix  = "arXiv",
	      primaryClass   = "hep-ph",
	}

@article{bib_PDF,
	      author         = "{J. Pumplin et al.}",
	      title          = "{New generation of parton distributions with uncertainties from global QCD analysis}",
	      journal        = "JHEP",
	      volume         = "0207",
	      pages          = "012",
	      year           = "2002",
	      eprint         = "0201195",
	      archivePrefix  = "arXiv",
	      primaryClass   = "hep-ph",
	}

@unpublished{bib_evtgen,
	 added-at = "{2009-08-18T13:17:51.000+0200}",
	 author = "{C. Lange et al.}",
	 biburl = "{http://www.bibsonomy.org/bibtex/29da9494110d91632197d3e2a365b0c5e/hajadda}",
	 interhash = "{86fc565c9c7fb6f29515ee674d0337b9}",
	 intrahash = "{9da9494110d91632197d3e2a365b0c5e}",
	 keywords = "{imported}",
	 note = "{{in Proceedings of CHEP}}",
	 timestamp = "{2009-08-18T13:17:51.000+0200}",
	 title = "{{The EvtGen Event Generator Package}}",
	 year = 1998
	}

@article{bib_atlas-simulation,
	      author         = "{ATLAS Collaboration}",
	      title          = "{The ATLAS Simulation Infrastructure}",
	      xcollaboration  = "ATLAS Collaboration",
	      journal        = "Eur. Phys. J. C",
	      volume         = "70",
	      pages          = "1823-874",
	      year           = "2010",
	      eprint         = "1005.4568",
	      archivePrefix  = "arXiv",
	      primaryClass   = "physics.ins-det",
	}

@Article{bib_geant4,
	     author    = "Agostinelli, S. and others",
	     collaboration = "GEANT4",
	     title     = "{GEANT4: A simulation toolkit}",
	     journal   = "Nucl. Instrum. Meth.",
	     volume    = "A506",
	     year      = "2003",
	     pages     = "250-303",
	     doi       = "10.1016/S0168-9002(03)01368-8",
	     SLACcitation  = "%%CITATION = NUIMA,A506,250;%%"
	}

@Article{bib_AKT,
	     author    = "Cacciari, Matteo and Salam, Gavin P. and Soyez, Gregory",
	     title     = "{The anti-kt jet clustering algorithm}",
	     journal   = "JHEP",
	     volume    = "04",
	     year      = "2008",
	     pages     = "063",
	     eprint    = "0802.1189",
	     archivePrefix = "arXiv",
	     primaryClass  =  "hep-ph",
	     doi       = "10.1088/1126-6708/2008/04/063",
	     SLACcitation  = "%%CITATION = 0802.1189;%%"
	}

@article{bib_JES,
      author         = "Aad, Georges and others",
      title          = "{Jet energy measurement and its systematic uncertainty in
                        proton-proton collisions at $\sqrt{s}=7$ TeV with the
                        ATLAS detector}",
      collaboration  = "ATLAS",
      journal        = "Eur. Phys. J.",
      volume         = "C75",
      year           = "2015",
      pages          = "17",
      doi            = "10.1140/epjc/s10052-014-3190-y",
      eprint         = "1406.0076",
      archivePrefix  = "arXiv",
      primaryClass   = "hep-ex",
      reportNumber   = "CERN-PH-EP-2013-222",
      SLACcitation   = "%%CITATION = ARXIV:1406.0076;%%"
}

@article{bib_ATLAS_dijet,
      author         = "Aad, Georges and others",
      title          = "{Search for new phenomena in the dijet mass distribution
                        using $p-p$ collision data at $\sqrt{s}=8$ TeV with the
                        ATLAS detector}",
      collaboration  = "ATLAS",
      journal        = "Phys. Rev.",
      volume         = "D91",
      year           = "2015",
      number         = "5",
      pages          = "052007",
      doi            = "10.1103/PhysRevD.91.052007",
      eprint         = "1407.1376",
      archivePrefix  = "arXiv",
      primaryClass   = "hep-ex",
      reportNumber   = "CERN-PH-EP-2014-147",
      SLACcitation   = "%%CITATION = ARXIV:1407.1376;%%"
}

@article{bib_dijet,
      author         = "Harris, Robert M. and Kousouris, Konstantinos",
      title          = "{Searches for Dijet Resonances at Hadron Colliders}",
      journal        = "Int. J. Mod. Phys.",
      volume         = "A26",
      year           = "2011",
      pages          = "5005-5055",
      doi            = "10.1142/S0217751X11054905",
      eprint         = "1110.5302",
      archivePrefix  = "arXiv",
      primaryClass   = "hep-ex",
      reportNumber   = "FERMILAB-PUB-11-567, CERN-OPEN-2011-044",
      SLACcitation   = "%%CITATION = ARXIV:1110.5302;%%"
}

@techreport{bib_CMS_dibjet,
      title         = "{Search for b-jet Resonances in pp Collisions at sqrt(s) =
                       7 TeV}",
      institution   = "CERN",
      collaboration = "CMS Collaboration",
      address       = "Geneva",
      number        = "CMS-PAS-EXO-11-008",
      year          = "2012",
      reportNumber  = "CMS-PAS-EXO-11-008",
      url           = "https://cds.cern.ch/record/1461221",
}

@article{bib_qstar,
      author        = "Baur, Ulrich and Hinchliffe, Ian and Zeppenfeld, Dieter",
      title         = "{Excited quark production at hadron colliders}",
      number        = "FERMILAB-CONF-87-102-T. LBL-23645. MAD-PH-354",
      pages         = "14 p",
      month         = "Jun",
      year          = "1987",
      url           = "http://cds.cern.ch/record/179084",
}



@article{bib_W*,
      author         = "Chizhov, M. V.",
      title          = "{A Reference Model for Anomalously Interacting Bosons}",
      journal        = "Phys. Part. Nucl. Lett.",
      volume         = "8",
      year           = "2011",
      pages          = "512-516",
      doi            = "10.1134/S1547477111060045",
      eprint         = "1005.4287",
      archivePrefix  = "arXiv",
      primaryClass   = "hep-ph",
      SLACcitation   = "%%CITATION = ARXIV:1005.4287;%%"
}

@article{bib_color_octet,
title = "Chiral color: An alternative to the standard model ",
journal = "Physics Letters B ",
volume = "190",
number = "1–2",
pages = "157 - 161",
year = "1987",
note = "",
issn = "0370-2693",
doi = "http://dx.doi.org/10.1016/0370-2693(87)90859-8",
url = "http://www.sciencedirect.com/science/article/pii/0370269387908598",
author = "Paul H. Frampton and Sheldon L. Glashow",
abstract = "Quantum chromodynamics may be a relic of the spontaneous breakdown of a larger gauge group just as \{QED\} survives the spontaneous breakdown of electroweak SU(2)×U(1). We speculate that \{QCD\} originates in the chiral color group SU(3)×SU(3), and that the scale of chiral-color breaking is similar to the electroweak mass scale. Such theories predict the existence of many new fundamental particles including especially the “axigluon”. This spin-one massive gauge particle should weigh several hundred GeV and be visible as a jet-jet resonance at hadron colliders. "
}

@article{bib_W',
title = "The un-unified standard model",
journal = "Nuclear Physics B",
volume = "331",
number = "3",
pages = "541 - 555",
year = "1990",
note = "",
issn = "0550-3213",
doi = "http://dx.doi.org/10.1016/0550-3213(90)90083-P",
url = "http://www.sciencedirect.com/science/article/pii/055032139090083P",
author = "Howard Georgi and Elizabeth E. Jenkins and Elizabeth H. Simmons",

}

@techreport{bib_ttbar,
      author        = ", ",
      title         = "{Measurements of fiducial cross-sections for $t\bar{t}$
                       production with one or two additional $b$-jets in $pp$
                       collisions at $\sqrt{s}$=8 TeV using the ATLAS detector}",
      institution   = "CERN",
      collaboration = "ATLAS Collaboration",
      address       = "Geneva",
      number        = "CERN-PH-EP-2015-200. arXiv:1508.06868",
      month         = "Aug",
      year          = "2015",
      reportNumber  = "CERN-PH-EP-2015-200",
      url           = "http://cds.cern.ch/record/2047454"
}

@article{bib_Hbb,
      author         = "Aad, Georges and others",
      title          = "{Search for the Standard Model Higgs boson produced in
                        association with top quarks and decaying into $b\bar{b}$
                        in pp collisions at $\sqrt{s}$ = 8 TeV with the ATLAS
                        detector}",
      collaboration  = "ATLAS",
      journal        = "Eur. Phys. J.",
      volume         = "C75",
      year           = "2015",
      number         = "7",
      pages          = "349",
      doi            = "10.1140/epjc/s10052-015-3543-1",
      eprint         = "1503.05066",
      archivePrefix  = "arXiv",
      primaryClass   = "hep-ex",
      reportNumber   = "CERN-PH-EP-2015-047",
      SLACcitation   = "%%CITATION = ARXIV:1503.05066;%%"
}

@techreport{bib_ttbar_comm,
      title         = "{Commissioning of the ATLAS $b$-tagging algorithms using
                       $t\bar{t}$ events in early Run-2 data}",
      institution   = "CERN",
      address       = "Geneva",
      number        = "ATL-PHYS-PUB-2015-039",
      month         = "Aug",
      year          = "2015",
      reportNumber  = "ATL-PHYS-PUB-2015-039",
      url           = "http://cds.cern.ch/record/2047871",
}

@techreport{bib_algos,
      title         = "{Performance of b-Jet Identification in the ATLAS
                       Experiment}",
      institution   = "CERN",
      address       = "Geneva",
      number        = "ATL-COM-PHYS-2012-824",
      month         = "Jun",
      year          = "2012",
      reportNumber  = "ATL-COM-PHYS-2012-824",
      url           = "https://cds.cern.ch/record/1455862",
}

@article{bib_galaxy,
      author         = "Banhatti, Dilip G.",
      title          = "{Disk galaxy rotation curves and dark matter
                        distribution}",
      year           = "2007",
      eprint         = "astro-ph/0703430",
      archivePrefix  = "arXiv",
      primaryClass   = "ASTRO-PH",
      SLACcitation   = "%%CITATION = ASTRO-PH/0703430;%%"
}

@article{bib_DM,
      author         = "Peskin, Michael E.",
      title          = "{Dark matter and particle physics}",
      journal        = "J. Phys. Soc. Jap.",
      volume         = "76",
      year           = "2007",
      pages          = "111017",
      doi            = "10.1143/JPSJ.76.111017",
      eprint         = "0707.1536",
      archivePrefix  = "arXiv",
      primaryClass   = "hep-ph",
      reportNumber   = "SLAC-PUB-12493",
      SLACcitation   = "%%CITATION = ARXIV:0707.1536;%%"
}

@article{bib_LHC,
  author={Lyndon Evans and Philip Bryant},
  title={LHC Machine},
  journal={Journal of Instrumentation},
  volume={3},
  number={08},
  pages={S08001},
  url={http://stacks.iop.org/1748-0221/3/i=08/a=S08001},
  year={2008},
  abstract={The Large Hadron Collider (LHC) at CERN near Geneva is the world's newest and most powerful tool for Particle Physics research. It is designed to collide proton beams with a centre-of-mass energy of 14 TeV and an unprecedented luminosity of 10 34 cm −2 s −1 . It can also collide heavy (Pb) ions with an energy of 2.8 TeV per nucleon and a peak luminosity of 10 27 cm −2 s −1 . In this paper, the machine design is described.}
}

@ARTICLE{bib_ID,
   author = {{Aad}, G. et al.},
    title = "{The ATLAS Inner Detector commissioning and calibration}",
  journal = {European Physical Journal C},
archivePrefix = "arXiv",
   eprint = {1004.5293},
 primaryClass = "physics.ins-det",
     year = 2010,
    month = dec,
   volume = 70,
    pages = {787-821},
      doi = {10.1140/epjc/s10052-010-1366-7},
   adsurl = {http://adsabs.harvard.edu/abs/2010EPJC...70..787A},
  adsnote = {Provided by the SAO/NASA Astrophysics Data System}
}

@article{bib_JVT,
     author         = "{ATLAS Collaboration}",
     title          = "{Tagging and suppression of pileup jets with the ATLAS detector}",
     xcollaboration  = "ATLAS Collaboration",
     year           = "2014",
     reportNumber   = "ATL-CONF-2014-018",
     url            = "http://cdsweb.cern.ch/record/1700870",
}

@article{bib_Z',
  title = {Supercollider physics},
  author = {Eichten, E. and Hinchliffe, I. and Lane, K. and Quigg, C.},
  journal = {Rev. Mod. Phys.},
  volume = {56},
  issue = {4},
  pages = {579--707},
  numpages = {0},
  year = {1984},
  month = {Oct},
  publisher = {American Physical Society},
  doi = {10.1103/RevModPhys.56.579},
  url = {http://link.aps.org/doi/10.1103/RevModPhys.56.579}
}
