%% This BibTeX bibliography file was created using BibDesk.
%% http://bibdesk.sourceforge.net/


%% Created for Laurie McClymont at 2014-04-26 14:14:10 +0100 


%% Saved with string encoding Unicode (UTF-8) 



@article{underlyingevent,
	Author = {Rick D. Field},
	Date-Added = {2014-04-25 12:08:53 +0000},
	Date-Modified = {2014-04-25 12:11:03 +0000},
	Journal = {arXiv:hep-ph/0201192},
	Title = {The Underlying Event in Hard Scattering Processes},
	Year = {2002}}

@article{pseudorapidity,
	Author = {Fu-Hu Liu and Ya-Hui Chen and Ya-Qin Gao and Er-Qin Wang},
	Date-Added = {2014-04-25 11:40:50 +0000},
	Date-Modified = {2014-04-25 11:44:52 +0000},
	Journal = {Advances in High Energy Physics},
	Number = {710534},
	Pages = {4},
	Title = {On Current Conversion between Particle Rapidity and Pseudorapidity Distributions in High Energy Collisions},
	Volume = {vol. 2013},
	Year = {2013}}

@book{wong,
	Author = {Cheuk-Yin Wong},
	Date-Added = {2014-04-25 11:37:43 +0000},
	Date-Modified = {2014-04-25 11:39:33 +0000},
	Publisher = {World Scientific},
	Title = {Introduction to high-energy heavy-ion collisions},
	Year = {1994}}

@book{skewness,
	Author = {William Press and Saul Teukolsky and William Vetterling and Brian Flannery},
	Date-Added = {2014-04-25 09:08:52 +0000},
	Date-Modified = {2014-04-26 13:14:09 +0000},
	Publisher = {Cambridge University Press},
	Title = {Numerical Recipes in C: The Art of Scientific Computing},
	Year = {1992}}

@article{gluonbrem,
	Author = {PLUTO Collaboration},
	Date-Added = {2014-04-21 13:58:07 +0000},
	Date-Modified = {2014-04-21 13:59:54 +0000},
	Journal = {Physics Letters B},
	Number = {3--4},
	Pages = {418 - 425},
	Title = {Evidence for gluon bremsstrahlung in e+eâˆ’ annihilations at high energies},
	Volume = {86},
	Year = {1979}}

@article{CMS,
	Abstract = {Invariant mass spectra for jets reconstructed using the anti-kt and Cambridge-Aachen algorithms are studied for different jet "grooming" techniques in data corresponding to an integrated luminosity of 5 inverse femtobarns, recorded with the CMS detector in proton-proton collisions at the LHC at a center-of-mass energy of 7 TeV. Leading-order QCD predictions for inclusive dijet and W/Z+jet production combined with parton-shower Monte Carlo models are found to agree overall with the data, and the agreement improves with the implementation of jet grooming methods used to distinguish merged jets of large transverse momentum from softer QCD gluon radiation.},
	Author = {CMS Collaboration},
	Date-Added = {2014-03-30 15:56:05 +0000},
	Date-Modified = {2014-04-26 13:02:14 +0000},
	Eprint = {1303.4811},
	Journal = {JHEP},
	Number = {90},
	Title = {Studies of jet mass in dijet and W/Z + jet events},
	Url = {http://lanl.arxiv.org/abs/1303.4811},
	Volume = {2013},
	Year = {2013},
	Bdsk-Url-1 = {http://lanl.arxiv.org/abs/1303.4811}}

@article{ATLAS,
	Author = {ATLAS Collaboration},
	Collaboration = {ATLAS Collaboration},
	Date-Added = {2014-03-30 15:55:45 +0000},
	Date-Modified = {2014-03-30 16:04:14 +0000},
	Journal = {ATLAS-CONF-2012-065},
	Key = {1204252},
	Reportnumber = {ATLAS-CONF-2012-065, ATLAS-COM-CONF-2012-095},
	Slaccitation = {%%CITATION = ATLAS-CONF-2012-065 ETC.;%%},
	Title = {{Performance of large-R jets and jet substructure reconstruction with the ATLAS detector}},
	Year = {2012}}

@electronic{pile-up,
	Author = {V. Daniel Elvira},
	Date-Added = {2014-03-30 15:45:22 +0000},
	Date-Modified = {2014-03-30 15:49:50 +0000},
	Title = {The Challenge of Pileup, http://indico.cern.ch/event/199123/material/slides/0.pdf}}

@article{jetquench,
	Author = {B.Z. Kopeliovich and I.K. Potashnikova and Ivan Schmidt},
	Date-Added = {2014-03-30 15:42:43 +0000},
	Date-Modified = {2014-03-30 16:20:16 +0000},
	Journal = {The Open Nuclear \& Particle Physics Journal},
	Month = {10},
	Pages = {16-21},
	Title = {Jet Quenching: A Fresh Look at the Energy Loss Scenario},
	Volume = {3},
	Year = {2010}}

@article{Zprime3,
	Author = {N. Arkani-Hamed and A.G. Cohen and E. Katz and A.E. Nelson},
	Date-Added = {2014-03-30 15:35:14 +0000},
	Date-Modified = {2014-03-30 15:41:03 +0000},
	Eprint = {hep-ph/0206021},
	Journal = {JHEP},
	Number = {07},
	Pages = {034},
	Title = {The Littlest Higgs},
	Url = {http://arxiv.org/abs/hep-ph/0206021},
	Volume = {2002},
	Year = {2002},
	Bdsk-Url-1 = {http://arxiv.org/abs/hep-ph/0206021}}

@article{Zprime2,
	Archiveprefix = {arXiv},
	Author = {Erler, Jens and Langacker, Paul and Li, Tian-jun},
	Date-Added = {2014-03-30 15:29:24 +0000},
	Date-Modified = {2014-04-26 13:00:40 +0000},
	Doi = {10.1103/PhysRevD.66.015002},
	Eprint = {hep-ph/0205001},
	Journal = {Phys.Rev.},
	Pages = {015002},
	Primaryclass = {hep-ph},
	Reportnumber = {UPR-0983T, FT-2002-03, MADPH-02-1266},
	Slaccitation = {%%CITATION = HEP-PH/0205001;%%},
	Title = {{The $Z$ - $Z^\prime$ mass hierarchy in a supersymmetric model with a secluded U(1)-prime breaking sector}},
	Volume = {D66},
	Year = {2002},
	Bdsk-Url-1 = {http://dx.doi.org/10.1103/PhysRevD.66.015002}}

@article{Zprime1,
	Author = {Marcela Carena and Alejandro Daleo and Bogdan A. Dobrescu and Tim M.P. Tait},
	Date-Added = {2014-03-30 15:22:08 +0000},
	Date-Modified = {2014-03-30 15:29:54 +0000},
	Eprint = {hep-ph/0408098},
	Journal = {Phys.Rev.},
	Number = {093009},
	Title = {Z-prime Gauge Bosons at the Tevatron},
	Url = {http://arxiv.org/abs/hep-ph/0408098},
	Volume = {D70},
	Year = {2004},
	Bdsk-Url-1 = {http://arxiv.org/abs/hep-ph/0408098}}

@article{pruning,
	Author = {Stephen D. Ellis and Christopher K. Vermilion and Jonathan R. Walsh},
	Date-Added = {2014-03-30 15:14:07 +0000},
	Date-Modified = {2014-04-26 12:57:14 +0000},
	Eprint = {0912.0033},
	Journal = {Phys.Rev.},
	Number = {094023},
	Title = {Recombination Algorithms and Jet Substructure: Pruning as a Tool for Heavy Particle Searches},
	Url = {http://arxiv.org/abs/0912.0033},
	Volume = {D80},
	Year = {2009},
	Bdsk-Url-1 = {http://arxiv.org/abs/0912.0033}}

@book{HalzenMartin,
	Author = {Francis Halzen and Alan D. Martin},
	Date-Added = {2014-03-30 15:07:07 +0000},
	Date-Modified = {2014-04-23 21:03:50 +0000},
	Publisher = {John Wiley \& Sons},
	Rating = {1},
	Read = {0},
	Title = {Quarks \& Leptons: An Introductory Course in Modern Particle Physics},
	Year = {1984}}

@article{ROOT,
	Acmid = {362112},
	Address = {Houston, TX},
	Articleno = {6},
	Author = {Rademakers, Fons and Brun, Rene},
	Date-Added = {2014-03-24 22:58:19 +0000},
	Date-Modified = {2014-04-26 12:58:37 +0000},
	Issn = {1075-3583},
	Issue_Date = {July 1998},
	Journal = {Linux J.},
	Number = {51es},
	Publisher = {Belltown Media},
	Title = {ROOT: An Object-oriented Data Analysis Framework},
	Url = {http://dl.acm.org/citation.cfm?id=327422.362112},
	Volume = {1998},
	Year = {1998},
	Bdsk-Url-1 = {http://dl.acm.org/citation.cfm?id=327422.362112}}

@article{Salam,
	Author = {Gavin P. Salam},
	Date-Added = {2014-03-24 22:48:04 +0000},
	Date-Modified = {2014-04-26 12:56:47 +0000},
	Eprint = {0906.1833},
	Journal = {arXiv:0906.1833},
	Title = {Towards Jetography},
	Url = {http://arxiv.org/abs/0906.1833},
	Year = {2009},
	Bdsk-Url-1 = {http://arxiv.org/abs/0906.1833}}

@article{Pythia,
	Author = {Torbjorn Sjostrand and Stephen Mrenna and Peter Skands},
	Date-Added = {2014-03-24 22:46:49 +0000},
	Date-Modified = {2014-03-24 23:00:12 +0000},
	Eprint = {hep-ph/0603175},
	Journal = {JHEP},
	Pages = {026},
	Title = {PYTHIA 6.4 Physics and Manual},
	Url = {http://arxiv.org/abs/hep-ph/0603175},
	Volume = {0605},
	Year = {2006},
	Bdsk-Url-1 = {http://arxiv.org/abs/hep-ph/0603175}}

@article{Rivet,
	Author = {Andy Buckley and Jonathan Butterworth and David Grellscheid and Hendrik Hoeth and Leif Lonnblad and James Monk and Holger Schulz and Frank Siegert},
	Date-Added = {2014-03-24 22:46:18 +0000},
	Date-Modified = {2014-04-26 12:58:22 +0000},
	Eprint = {1003.0694},
	Journal = {arXiv:1003.0694},
	Title = {Rivet user manual},
	Url = {http://arxiv.org/abs/1003.0694},
	Year = {2010},
	Bdsk-Url-1 = {http://arxiv.org/abs/1003.0694}}

@article{FastJets,
	Author = {Matteo Cacciari and Gavin P. Salam and Gregory Soyez},
	Date-Added = {2014-03-24 22:46:01 +0000},
	Date-Modified = {2014-04-26 12:55:23 +0000},
	Eprint = {1111.6097},
	Journal = {arXiv:1111.6097},
	Title = {FastJet user manual},
	Url = {http://arxiv.org/abs/1111.6097},
	Year = {2011},
	Bdsk-Url-1 = {http://arxiv.org/abs/1111.6097}}

@article{SC,
	Author = {Jeff Tseng and Hannah Evans},
	Date-Added = {2014-03-24 22:45:29 +0000},
	Date-Modified = {2014-03-24 23:01:34 +0000},
	Eprint = {1304.1025},
	Journal = {Phys. Rev. D},
	Pages = {014044},
	Title = {Sequential recombination algorithm for jet clustering and background subtraction},
	Url = {http://arxiv.org/abs/1304.1025},
	Volume = {88},
	Year = {2013},
	Bdsk-Url-1 = {http://arxiv.org/abs/1304.1025}}
