%% This BibTeX bibliography file was created using BibDesk.
%% http://bibdesk.sourceforge.net/


%% Created for Laurie McClymont at 2014-03-03 17:12:08 +0000 


%% Saved with string encoding Unicode (UTF-8) 



@article{Tseng,
	Author = {Tseng and Evans},
	Date-Added = {2014-03-03 17:10:46 +0000},
	Date-Modified = {2014-03-03 17:11:31 +0000},
	Journal = {Phys Review},
	Month = {A},
	Number = {A},
	Pages = {A},
	Rating = {0},
	Read = {0},
	Title = {Jet Stuff},
	Volume = {A},
	Year = {2011}}
